@article{Graves,
author = {Graves, Alex and Wayne, Greg and Reynolds, Malcolm and Harley, Tim and Danihelka, Ivo and Grabska-Barwińska, Agnieszka and Gómez, Sergio and Grefenstette, Edward and Ramalho, Tiago and Agapiou, John and Puigdomènech Badia, Adrià and Moritz Hermann, Karl and Zwols, Yori and Ostrovski, Georg and Cain, Adam and King, Helen and Summerfield, Christopher and Blunsom, Phil and Kavukcuoglu, Koray and Hassabis, Demis},
year = {2016},
month = {10},
pages = {},
title = {Hybrid computing using a neural network with dynamic external memory},
volume = {538},
booktitle = {Nature}
}